<record><leader>00000cas a2200000Ma 4500</leader><controlfield tag="001">11049184</controlfield><controlfield tag="008">840813d18741883inuwr ne      0    0eng d</controlfield><datafield ind1=" " ind2=" " tag="010"><subfield code="a">sn 84023863 </subfield></datafield><datafield ind1=" " ind2=" " tag="040"><subfield code="a">AQM</subfield><subfield code="b">eng</subfield><subfield code="c">AQM</subfield><subfield code="d">OCLCQ</subfield></datafield><datafield ind1="0" ind2="0" tag="245"><subfield code="a">De Kalb County Republican.</subfield></datafield><datafield ind1="3" ind2="0" tag="246"><subfield code="a">Dekalb County Republican</subfield></datafield><datafield ind1=" " ind2=" " tag="260"><subfield code="a">Auburn, DeKalb County, Ind. :</subfield><subfield code="b">R.H. Weamer,</subfield><subfield code="c">-1883.</subfield></datafield><datafield ind1=" " ind2=" " tag="300"><subfield code="a">v.</subfield></datafield><datafield ind1=" " ind2=" " tag="310"><subfield code="a">Weekly</subfield></datafield><datafield ind1="1" ind2=" " tag="362"><subfield code="a">Began in 1874.</subfield><subfield code="z">Cf. Amer. newspapers, 1821-1936.</subfield></datafield><datafield ind1="0" ind2=" " tag="362"><subfield code="a">-v. 9, no. 9 (Jan. 4, 1883).</subfield></datafield><datafield ind1=" " ind2=" " tag="500"><subfield code="a">"County" above title ornament, Nov. 10, 1881-Jan. 4, 1883.</subfield></datafield><datafield ind1=" " ind2=" " tag="588"><subfield code="a">Description based on: Vol. 2, no. 16 (Mar. 2, 1876).</subfield></datafield><datafield ind1=" " ind2="7" tag="655"><subfield code="a">Newspapers.</subfield><subfield code="2">rbgenr</subfield></datafield><datafield ind1=" " ind2=" " tag="752"><subfield code="a">United States</subfield><subfield code="b">Indiana</subfield><subfield code="c">De Kalb</subfield><subfield code="d">Auburn.</subfield></datafield><datafield ind1="0" ind2="0" tag="780"><subfield code="t">Butler news (Butler, Ind.)</subfield><subfield code="w">(DLC)sn 84023864</subfield></datafield><datafield ind1="0" ind2="0" tag="785"><subfield code="t">De Kalb Republican</subfield><subfield code="w">(DLC)sn 87056206</subfield></datafield><datafield ind1="1" ind2=" " tag="029"><subfield code="a">AU@</subfield><subfield code="b">000020338090</subfield></datafield></record>